awk
aws
bash
bc
bigmler
body
cat
chmod
cols
cowsay
cp
csvcut
csvgrep
csvjoin
csvlook
csvsort
csvsql
csvstack
csvstat
curl
curlicue
cut
display
drake
dseq
echo
env
feedgnuplot
fieldsplit
find
git
grep
head
header
in2csv
jq
json2csv
less
ls
man
mkdir
mv
parallel
paste
pbc
pip
pwd
python
R
Rio
rm
run_experiment
sample
scp
scrape
sed
seq
shuf
sort
split
sql2csv
ssh
sudo
tail
tapkee
tar
tee
tr
tree
uniq
unpack
unrar
unzip
wc
weka
which
xml2json

